<?xml version="1.0" encoding="UTF-8"?><collection xmlns="http://www.loc.gov/MARC21/slim"><record><leader>00552nam--2200193-i-4500</leader><controlfield tag="001">000024751</controlfield><controlfield tag="002">20161230</controlfield><controlfield tag="005">20161230201035</controlfield><controlfield tag="008">060222s1000------------r-----000-0-eng-d</controlfield><datafield ind1=" " ind2=" " tag="040"><subfield code="a">IFIN-HH</subfield></datafield><datafield ind1=" " ind2=" " tag="080"><subfield code="a">530.182</subfield></datafield><datafield ind1="1" ind2=" " tag="100"><subfield code="a">Szemplinska-tupnicka, W</subfield></datafield><datafield ind1="1" ind2="0" tag="245"><subfield code="a">Chaotic motions in nonlinear dynamical systems</subfield><subfield code="c">W. szemplinska-tupnicka, g. iooss, f.c. moon</subfield></datafield><datafield ind1=" " ind2=" " tag="260"><subfield code="a">Wien,Springer-verlag, 1988</subfield></datafield><datafield ind1=" " ind2=" " tag="300"><subfield code="a">193P</subfield></datafield><datafield ind1=" " ind2=" " tag="490"><subfield code="a">Cism Courses And Lectures,</subfield><subfield code="v">Nr.298</subfield></datafield><datafield ind1="1" ind2=" " tag="700"><subfield code="a">Moon, F.C</subfield></datafield><datafield ind1=" " ind2=" " tag="852"><subfield code="a">78655</subfield><subfield code="c">531</subfield></datafield><datafield ind1=" " ind2=" " tag="CAT"><subfield code="a">Sys</subfield><subfield code="c">20100708</subfield><subfield code="h">134143</subfield></datafield></record></collection>